%YAML 1.1
%TAG !u! tag:unity3d.com,2011:
--- !u!1001 &100100000
Prefab:
  m_ObjectHideFlags: 1
  serializedVersion: 2
  m_Modification:
    m_TransformParent: {fileID: 0}
    m_Modifications: []
    m_RemovedComponents: []
  m_ParentPrefab: {fileID: 0}
  m_RootGameObject: {fileID: 1057675470228082}
  m_IsPrefabParent: 1
--- !u!1 &1057675470228082
GameObject:
  m_ObjectHideFlags: 0
  m_PrefabParentObject: {fileID: 0}
  m_PrefabInternal: {fileID: 100100000}
  serializedVersion: 5
  m_Component:
  - component: {fileID: 4068386568244092}
  - component: {fileID: 68599232513752718}
  - component: {fileID: 114415048775502044}
  - component: {fileID: 50837114007997712}
  - component: {fileID: 114800824420836090}
  m_Layer: 0
  m_Name: collider
  m_TagString: Untagged
  m_Icon: {fileID: 0}
  m_NavMeshLayer: 0
  m_StaticEditorFlags: 0
  m_IsActive: 1
--- !u!4 &4068386568244092
Transform:
  m_ObjectHideFlags: 1
  m_PrefabParentObject: {fileID: 0}
  m_PrefabInternal: {fileID: 100100000}
  m_GameObject: {fileID: 1057675470228082}
  m_LocalRotation: {x: -0, y: -0, z: -0, w: 1}
  m_LocalPosition: {x: -1411, y: -907, z: -33}
  m_LocalScale: {x: 1, y: 1, z: 1}
  m_Children: []
  m_Father: {fileID: 0}
  m_RootOrder: 0
  m_LocalEulerAnglesHint: {x: 0, y: 0, z: 0}
--- !u!50 &50837114007997712
Rigidbody2D:
  serializedVersion: 4
  m_ObjectHideFlags: 1
  m_PrefabParentObject: {fileID: 0}
  m_PrefabInternal: {fileID: 100100000}
  m_GameObject: {fileID: 1057675470228082}
  m_BodyType: 0
  m_Simulated: 1
  m_UseFullKinematicContacts: 0
  m_UseAutoMass: 0
  m_Mass: 1
  m_LinearDrag: 0
  m_AngularDrag: 0.05
  m_GravityScale: 0
  m_Material: {fileID: 0}
  m_Interpolate: 0
  m_SleepingMode: 1
  m_CollisionDetection: 0
  m_Constraints: 0
--- !u!68 &68599232513752718
EdgeCollider2D:
  m_ObjectHideFlags: 1
  m_PrefabParentObject: {fileID: 0}
  m_PrefabInternal: {fileID: 100100000}
  m_GameObject: {fileID: 1057675470228082}
  m_Enabled: 1
  m_Density: 1
  m_Material: {fileID: 0}
  m_IsTrigger: 1
  m_UsedByEffector: 0
  m_UsedByComposite: 0
  m_Offset: {x: 0, y: 0}
  m_EdgeRadius: 0
  m_Points:
  - {x: 245.13086, y: 569.4171}
  - {x: 1111.3281, y: 582.10095}
  - {x: 1332.0577, y: 584.079}
  - {x: 1327.9427, y: 806.0495}
  - {x: 1124.6787, y: 796.2012}
  - {x: 612.6594, y: 805.0801}
  - {x: -275.6372, y: 792.82874}
  - {x: -277.82898, y: 205.193}
  - {x: -282.01807, y: -644.63165}
  - {x: 235.85596, y: -632.6153}
  - {x: 242.44104, y: -650.6571}
  - {x: 242.44104, y: -639.49207}
  - {x: 251.2367, y: -301.51657}
  - {x: 253.16077, y: -58.32794}
  - {x: 237.04651, y: 262.88074}
  - {x: 240.54846, y: 563.8347}
--- !u!114 &114415048775502044
MonoBehaviour:
  m_ObjectHideFlags: 1
  m_PrefabParentObject: {fileID: 0}
  m_PrefabInternal: {fileID: 100100000}
  m_GameObject: {fileID: 1057675470228082}
  m_Enabled: 1
  m_EditorHideFlags: 0
  m_Script: {fileID: 11500000, guid: 7767d4012cacaf24fa472fc811c68df7, type: 3}
  m_Name: 
  m_EditorClassIdentifier: 
--- !u!114 &114800824420836090
MonoBehaviour:
  m_ObjectHideFlags: 1
  m_PrefabParentObject: {fileID: 0}
  m_PrefabInternal: {fileID: 100100000}
  m_GameObject: {fileID: 1057675470228082}
  m_Enabled: 1
  m_EditorHideFlags: 0
  m_Script: {fileID: 11500000, guid: 749ca4ee32ce8134ba539a20d1dab16c, type: 3}
  m_Name: 
  m_EditorClassIdentifier: 
